<marc:record xmlns:marc="http://www.loc.gov/MARC21/slim" xmlns:xsi="http://www.w3.org/2001/XMLSchema-instance" xsi:schemaLocation="http://www.loc.gov/MARC21/slim http://www.loc.gov/standards/marcxml/schema/MARC21slim.xsd">
  <marc:leader>     nam a2200241 a 4500</marc:leader>
  <marc:controlfield tag="001">001281240</marc:controlfield>
  <marc:controlfield tag="003">NNU</marc:controlfield>
  <marc:controlfield tag="005">20061010172822.0</marc:controlfield>
  <marc:controlfield tag="008">970915s1973    ir            000 0 arard</marc:controlfield>
  <marc:datafield tag="035" ind1="9" ind2=" ">
    <marc:subfield code="a">NYUb11669048</marc:subfield>
  </marc:datafield>
  <marc:datafield tag="035" ind1=" " ind2=" ">
    <marc:subfield code="a">(CStRLIN)NYUG97-B3061</marc:subfield>
  </marc:datafield>
  <marc:datafield tag="040" ind1=" " ind2=" ">
    <marc:subfield code="a">IXA</marc:subfield>
    <marc:subfield code="c">IXA</marc:subfield>
    <marc:subfield code="d">NNC</marc:subfield>
    <marc:subfield code="d">NNU</marc:subfield>
  </marc:datafield>
  <marc:datafield tag="066" ind1=" " ind2=" ">
    <marc:subfield code="c">(3</marc:subfield>
  </marc:datafield>
  <marc:datafield tag="090" ind1=" " ind2=" ">
    <marc:subfield code="a">PJ6161</marc:subfield>
    <marc:subfield code="b">.S57 1973</marc:subfield>
  </marc:datafield>
  <marc:datafield tag="100" ind1="1" ind2=" ">
    <marc:subfield code="6">01</marc:subfield>
    <marc:subfield code="a">Shīrázī, Muḥammad Muʼmin ibn Muḥammad Qāsim,</marc:subfield>
    <marc:subfield code="d">d. 1717?</marc:subfield>
  </marc:datafield>
  <marc:datafield tag="100" ind1="1" ind2=" ">
    <marc:subfield code="6">01</marc:subfield>
    <marc:subfield code="a">شيرازى، محمد مؤمن بن محمد قاسم.</marc:subfield>
  </marc:datafield>
  <marc:datafield tag="245" ind1="1" ind2="0">
    <marc:subfield code="6">02</marc:subfield>
    <marc:subfield code="a">Khazānat al-khayāl fī al-adāb wa-al-ḥikam wa-al-mawāʻiẓ wa-al-munāẓarāt wa-al-tarājum wa-al-amthāl /</marc:subfield>
    <marc:subfield code="c">taʼlīf Muḥammad Muʼmin ibn Muḥammad Qāsim al-Jazāʼirī al-Shīrāzī ; qaddama lahu Shihāb al-Dīn al-Marʻashī.</marc:subfield>
  </marc:datafield>
  <marc:datafield tag="245" ind1="1" ind2="0">
    <marc:subfield code="6">02</marc:subfield>
    <marc:subfield code="a">خءانة الخيال فى الأداب والحكم والمواعظ والمناظرات والتراجم والأمثال /</marc:subfield>
    <marc:subfield code="c">تأليف محمد مؤمن بن محمد قاسم الجزائرى الشيرازى ؛ قدم له شهاب الدين المرعشى.</marc:subfield>
  </marc:datafield>
  <marc:datafield tag="260" ind1=" " ind2=" ">
    <marc:subfield code="6">03</marc:subfield>
    <marc:subfield code="a">Qum :</marc:subfield>
    <marc:subfield code="b">Maktabat Baṣīratī,</marc:subfield>
    <marc:subfield code="c">1352 [1973]</marc:subfield>
  </marc:datafield>
  <marc:datafield tag="260" ind1=" " ind2=" ">
    <marc:subfield code="6">03</marc:subfield>
    <marc:subfield code="a">قم :</marc:subfield>
    <marc:subfield code="b">مكتبة بصيرتى،</marc:subfield>
    <marc:subfield code="c">١٣٥٢.</marc:subfield>
  </marc:datafield>
  <marc:datafield tag="300" ind1=" " ind2=" ">
    <marc:subfield code="a">22, 4, 635, 7 p. ;</marc:subfield>
    <marc:subfield code="c">25 cm.</marc:subfield>
  </marc:datafield>
  <marc:datafield tag="500" ind1=" " ind2=" ">
    <marc:subfield code="a">"Fī ṣadr al-kitāb : Kāshifat al-ḥāll fī tarjamat muʼallif Khizānat al-khayāl, li-Shihāb al-Dīn al-Ḥusaynī al-Marʻashī al-Najafī."</marc:subfield>
  </marc:datafield>
  <marc:datafield tag="650" ind1=" " ind2="0">
    <marc:subfield code="a">Arabic language</marc:subfield>
    <marc:subfield code="x">Rhetoric.</marc:subfield>
  </marc:datafield>
  <marc:datafield tag="998" ind1=" " ind2=" ">
    <marc:subfield code="a">19970915</marc:subfield>
    <marc:subfield code="d">19970915</marc:subfield>
    <marc:subfield code="d">20040927</marc:subfield>
    <marc:subfield code="n">NNU</marc:subfield>
    <marc:subfield code="s">1</marc:subfield>
    <marc:subfield code="t">c</marc:subfield>
    <marc:subfield code="z">p</marc:subfield>
  </marc:datafield>
</marc:record>
